% This file was created with JabRef 2.7b.
% Encoding: UTF-8

@article{un2019,
	title={World Population Prospects 2019: Press Release},
	author={United Nations, Department of Economic and Social Affairs, Population Division},
	year={2019}
}

@article{vorosmarty2000global,
	title={Global water resources: vulnerability from climate change and population growth},
	author={V{\"o}r{\"o}smarty, Charles J and Green, Pamela and Salisbury, Joseph and Lammers, Richard B},
	journal={science},
	volume={289},
	number={5477},
	pages={284--288},
	year={2000},
	publisher={American Association for the Advancement of Science}
}

@article{alcamo2003global,
	title={Global estimates of water withdrawals and availability under current and future “business-as-usual” conditions},
	author={Alcamo, Joseph and D{\"o}ll, Petra and Henrichs, Thomas and Kaspar, Frank and Lehner, Bernhard and R{\"o}sch, Thomas and Siebert, Stefan},
	journal={Hydrological Sciences Journal},
	volume={48},
	number={3},
	pages={339--348},
	year={2003},
	publisher={Taylor \& Francis}
}

@article{oki2006global,
	title={Global hydrological cycles and world water resources},
	author={Oki, Taikan and Kanae, Shinjiro},
	journal={science},
	volume={313},
	number={5790},
	pages={1068--1072},
	year={2006},
	publisher={American Association for the Advancement of Science}
}

@article{guhathakurta2011impact,
	title={Impact of climate change on extreme rainfall events and flood risk in India},
	author={Guhathakurta, P and Sreejith, OP and Menon, PA},
	journal={Journal of earth system science},
	volume={120},
	number={3},
	pages={359},
	year={2011},
	publisher={Springer}
}

@book{molden2013water,
	title={Water for food water for life: A comprehensive assessment of water management in agriculture},
	author={Molden, David},
	year={2013},
	publisher={Routledge}
}

@article{oosterbaan1994frequency,
  title={Frequency and regression analysis},
  author={Oosterbaan, RJ},
  journal={Drainage principles and applications},
  volume={16},
  pages={175--224},
  year={1994},
  publisher={International Institute for Land Reclamation and Improvement (ILRI~…}
}

@book{kruschwitz2014investitionsrechnung,
  title={Investitionsrechnung},
  author={Kruschwitz, Lutz},
  year={2014},
  publisher={Walter de Gruyter GmbH \& Co KG}
}

@misc{kaggle:2019,
  author = {{www.kaggle.com (User: SRK)}},
  title = {Chennai Water Management},
  year = {2019},
  note = {data retrieved from www.kaggle.com. Accessed January 10, 2020,
          \url{https://www.kaggle.com/sudalairajkumar/chennai-water-management}},
}